%==Ref1        	  

@article{Hirt1974,
      author = "Hirt, C. W. and Amsden, A. A. and Cook, J. L.",
	  title = "An arbitrary Lagrangian-Eulerian computing method for all flow speeds",
	   year = "1974",
	   journal = "J. Comput. Phys.",
      volume = "14",
      number = "3",
       pages = "227--253"
}

%==Ref2
@article{Liska2010,
      author = "Liska, R. and Shashkov, M. and Vachal, P. and Wendroff, B. and Author, A. B. and Author, B. B. and Author, C. C.",
       title = "Optimization-based synchronized flux-corrected conservative interpolation (remapping) of mass and momentum for arbitrary {L}agrangian-{E}ulerian methods",
        year = "2010",
     journal = "J. Comput. Phys.",
      volume = "229",
      number = "5",
       pages = "1467--1497"
}

%==Ref3
@article{Benson1992,
      author = "Benson, D. J.",
       title = "Computational methods in Lagrangian and {E}ulerian hydrocodes",
        year = "1992",
     journal = "Comput. Method. Appl. M.",
      volume = "99",
      number = "2--3",
       pages = "235--394"
}

%==Ref4
@article{Dukowicz1984,
      author = "Dukowicz, J.",
       title = "Conservative rezoning (remapping) for general quadrilateral meshes",
        year = "1984",
     journal = "J. Comput. Phys.",
      volume = "54",
      number = "3",
       pages = "411--424"
}

%==Ref5
@article{Margolin2003,
      author = "Margolin, L. G. and Shashkov, M.",
       title = "Second-order sign-preserving conservative interpolation (remapping) on general grids",
        year = "2003",
     journal = "J. Comput. Phys.",
      volume = "184",
      number = "1",
       pages = "266--298"
}

%==Ref6
@inconference{Kenamond2013,
      author = "Kenamond, M. A. and Burton, D. E.",
       title = "Exact intersection remapping of multi-material domain-decomposed polygonal meshes",
      series = "Talk at {M}ultimat 2013, {I}nternational {C}onference on {N}umerical {M}ethods for {M}ulti-{M}aterial {F}luid {F}lows",
organization = "The organization",
     address = "San {F}rancisco",
        year = "2--6 Sept 2013",
        note = "LA-UR-13-26794"
}

%==Ref7
@inconference{Burton2013,
      author = "Burton, D. E. and Kenamond, M. A. and Morgan, N. R. and Carney, T. C. and Shashkov, M. J. and Author, A. B.",
       title = "An intersection based {ALE} scheme {(xALE)} for cell centered hydrodynamics {(CCH)}",
      series = "Talk at {M}ultimat 2013, {I}nternational {C}onference on {N}umerical {M}ethods for {M}ulti-{M}aterial {F}luid {F}lows",
     address = "San {F}rancisco",
organization = "The Organization", 
        year = "2--6 Sept 2013",
        note = "{L}A-UR-13-26756.2"
}

%==Ref8
@article{Berndt2011,
      author = "Berndt, M. and Breil, J. and Galera, S. and Kucharik, M. and Maire, P. H. and Shashkov, M.",
       title = "Two-step hybrid conservative remapping for multimaterial arbitrary {L}agrangian-{E}ulerian methods",
        year = "2011",
     journal = "J. Comput. Phys.",
      volume = "230",
      number = "17",
       pages = "6664--6687"
}

%==Ref9
@article{Kucharik2012,
      author = "Kucharik, M. and Shashkov, M.",
       title = "One-step hybrid remapping algorithm for multi-material arbitrary {L}agrangian-{E}ulerian methods",
        year = "2012",
     journal = "J. Comput. Phys.",
      volume = "231",
      number = "7",
       pages = "2851--2864"
}

%==Ref10
@article{Breil2015,
      author = "Breil, J. and Alcin, H. and Maire, P. H.",
       title = "A swept intersection-based remapping method for axisymmetric {ReALE} computation",
        year = "2015",
     journal = "Int. J. Numer. Math.",
      volume = "77",
      number = "11",
       pages = "694--706",
        note = "Fld.3996"
}




%==Ref12
@article{Kucharik2003,
      author = "Kucharik, M. and Shashkov, M. and Wendroff, B.",
       title = "An efficient linearity-and-bound-preserving remapping method",
        year = "2003",
     journal = "J. Comput. Phys.",
      volume = "188",
      number = "2",
       pages = "462--471"
}

%==Ref13
@misc{Blanchard2015,
      author = "Blanchard, G. and Loubere, R.",
       title = "High-Order {C}onservative {R}emapping with a posteriori {MOOD} stabilization on polygonal meshes",
        year = "2015",
howpublished = "Details on how published",
	note = "\url{https://hal.archives-ouvertes.fr/hal-01207156}, the {HAL} {O}pen {A}rchive, hal-01207156. Accessed 13 Jan 2016"
}

%==Ref14
@article{Lauritzen2011,
      author = "Lauritzen, P. and Erath, C. and Mittal, R.",
       title = "On simplifying `incremental remap'-based transport schemes",
        year = "2011",
     journal = "J. Comput. Phys.",
      volume = "230",
      number = "22",
       pages = "7957--7963"
}

%==Ref15
@article{Klima2017,
      author = "Klima, M. and Kucharik, M. and Shashkov, M.",
       title = "Local error analysis and comparison of the swept- and intersection-based remapping methods",
        year = "2017",
     journal = "Commun. Comput. Phys.",
      volume = "21",
      number = "2",
       pages = "526--558"
}

%==Ref16
@article{Dukowicz2000,
      author = "Dukowicz, J. K. and Baumgardner, J. R.",
       title = "Incremental remapping as a transport/advection algorithm",
        year = "2000",
     journal = "J. Comput. Phys.",
      volume = "160",
      number = "1",
       pages = "318--335"
}

%==Ref25
@book{Shashkov1996,
      author = "Shashkov, M.",
       title = "Conservative {F}inite-{D}ifference {M}ethods on {G}eneral {G}rids",
   publisher = "CRC {P}ress",
     address = "Boca Raton, Florida",
        year = "1996",
        note = "{I}SBN 0-8493-7375-1"
}

@inproceedings{Abrams1973,
	author = "Abrams, D. M.",
	booktitle = "Conductive Polymers", 
	editor = "Seymour, R. S. and Smith, A.",
	publisher = "Springer",
	address = "Berlin Heidelberg New York", 
	year = "1973", 
	pages = "307"
}

@book{Ibach1996,
	author = "Ibach, H. and Lüth, H.",
	title = "Solid-State Physics,", 
	edition = "2",
	publisher = "Springer",
	address = "New York",
	year = "1996"
}

@inproceedings{MacKay1973,
	author = "MacKay, D. M.",
	booktitle = "Handbook of Sensory Physiology",
	editor = "Jung, R. and MacKay,  D.M.",
	publisher = "Springer",
	address = "Heidelberg",
	year = "1973", 
	pages = "307"
}

@inbook{Smith1976,
	author = "Smith, S. E.",
	booktitle = "Neuromuscular Junction",
	editor = "Zaimis., E.",
	series = "Handbook of Experimental Pharmacology", 
	volume = "42",
	publisher = "Springer", 
	address = "Heidelberg",
	year = "1976", 
	pages = "593"
}


@inbook{Zowghi1996,
	author = "Zowghi, D. and et al.", 
	booktitle = "PRICAI '96: Topics in Artificial Intelligence",
	editor = "Foo, N. and Goebel., R.", 
	series = "4th Pacific Rim Conference on Artificial Intelligence, Cairns, August 1996. Lecture Notes in Computer Science. Lecture notes in artificial intelligence",
	volume = "1114",
	publisher = "Springer",
	address = "Heidelberg", 
	year = "1996", 
	pages = "157"
}

@proceedings{Chung1978,
	author = "Chung, S. T. and Morris, R. L.",
	booktitle = "Abstracts of the 3rd International Symposium on the Genetics of Industrial Microorganisms", 
	publisher = "University of Wisconsin", 
	address = "Madison", 
	year = "4–9 June 1978"
}


%==Ref18
@article{Kucharik2014,
      author = "Kucharik, M. and Shashkov, M.",
       title = "Conservative multi-material remap for staggered multi-material arbitrary {L}agrangian-{E}ulerian methods",
        year = "2014",
     journal = "J. Comput. Phys.",
      volume = "258",
       pages = "268--304"
}

%==Ref19
@article{Loubere2005,
      author = "Loubere, R. and Shashkov, M.",
       title = "A subcell remapping method on staggered polygonal grids for arbitrary-{L}agrangian-{E}ulerian methods",
        year = "2005",
     journal = "J. Comput. Phys.",
      volume = "209",
      number = "1",
       pages = "105--138"
}

%==Ref20
@techreport{Margolin2002,
      author = "Margolin, L. G. and Shashkov, M.",
       title = "Second-order sign-preserving remapping on general grids",
     address = "The address",
 institution = "Los {A}lamos {N}ational {L}aboratory",
        year = "2002",
      number = "Technical Report LA-UR-02-525"
}

%==Ref21
@inconference{Mavriplis2003,
      author = "Mavriplis, D. J.",
       title = "Revisiting the least-squares procedure for gradient reconstruction on unstructured meshes",
        year = "23--26 June 2003",
      series = "16th {AIAA} {C}omputational {F}luid {D}ynamics {C}onference, AIAA 2003-3986",
organization = "The organization",
     address = "Orlando, {F}lorida"
}

%==Ref22
@article{Scovazzi2008,
      author = "Scovazzi, G. and Love, E. and Shashkov, M.",
       title = "Multi-scale {L}agrangian shock hydrodynamics on {Q1/P0} finite elements: {T}heoretical framework and two-dimensional computations",
        year = "2008",
     journal = "Comput. Method Appl. M.",
      volume = "197",
      number = "9--12",
       pages = "1056--1079"
}

%==Ref23
@article{Caramana1998,
      author = "Caramana, E. J. and Shashkov, M. J.",
       title = "Elimination of artificial grid distortion and hourglass-type motions by means of {L}agrangian subzonal masses and pressures",
        year = "1998",
     journal = "J. Comput. Phys.",
      volume = "142",
      number = "2",
       pages = "521--561"
}

%==Ref24
@techreport{Hoch2009,
      author = "Hoch, P.",
       title = "An arbitrary {L}agrangian-{E}ulerian strategy to solve compressible fluid flows",
      number = "Technical {R}eport",
 institution = "CEA",
     address = "The address",
        year = "2009",
        note = "HAL: hal-00366858. https://hal.archives-ouvertes.fr/docs/00/36/68/58/PDF/ale2d.pdf. Accessed 13 Jan 2016"
}


%==Ref26
@article{Knupp1999,
      author = "Knupp, P. M.",
       title = "Winslow smoothing on two-dimensional unstructured meshes",
        year = "1999",
     journal = "Eng. Comput.",
      volume = "15",
       pages = "263--268"
}

%==Ref27
@techreport{kamm2000,
      author = "Kamm, J.",
       title = "Evaluation of the {S}edov-von {N}eumann-{T}aylor blast wave solution",
 institution = "Los {A}lamos {N}ational {L}aboratory",
     address = "The address",
        year = "2000",
      number = "Technical {R}eport LA-UR-00-6055"
}

%==Ref28
@article{Taylor1937,
      author = "Taylor, G. I. and Green, A. E.",
       title = "Mechanism of the production of small eddies from large ones",
        year = "1937",
     journal = "P. Roy. Soc. Lond. A. Mat.",
      volume = "158",
      number = "895",
       pages = "499--521",
        note = "\url{https://doi.org/10.1098/rspa.1937.0036}, \url{http://rspa.royalsocietypublishing.org/content/158/895/499}"
}

