@incollection{bohme2013regression,
	title={Regression Testing of Evolving Programs},
	author={B{\"o}hme, Marcel and Roychoudhury, Abhik and Oliveira, Bruno CDS},
	booktitle={Advances in Computers},
	volume={89},
	pages={53--88},
	year={2013},
	publisher={Elsevier}
}
@book{seacord2003modernizing,
	title={Modernizing legacy systems: software technologies, engineering processes, and business practices},
	author={Seacord, Robert C and Plakosh, Daniel and Lewis, Grace A},
	year={2003},
	publisher={Addison-Wesley Professional}
}
@article{kaur2015influence,
	title={Influence of Anti-Patterns on Software Maintenance: A Review},
	author={Kaur, Sharanpreet and Singh, Satwinder},
	journal={International Journal of Computer Applications},
	volume={975},
	pages={8887},
	year={2015},
	publisher={Citeseer}
}
@inproceedings{guggulothu2019approach,
	title={An Approach to Suggest Code Smell Order for Refactoring},
	author={Guggulothu, Thirupathi and Moiz, Salman Abdul},
	booktitle={International Conference on Emerging Technologies in Computer Engineering},
	pages={250--260},
	year={2019},
	organization={Springer}
}
@inproceedings{soh2016code,
	title={Do code smells impact the effort of different maintenance programming activities?},
	author={Soh, Z{\'e}phyrin and Yamashita, Aiko and Khomh, Foutse and Gu{\'e}h{\'e}neuc, Yann-Ga{\"e}l},
	booktitle={2016 IEEE 23rd International Conference on Software Analysis, Evolution, and Reengineering (SANER)},
	volume={1},
	pages={393--402},
	year={2016},
	organization={IEEE}
}
@article{cairo2018impact,
	title={The impact of code smells on software bugs: a systematic literature review},
	author={Cairo, Aloisio S and Carneiro, Glauco de F and Monteiro, Miguel P},
	journal={Information},
	volume={9},
	number={11},
	pages={273},
	year={2018},
	publisher={Multidisciplinary Digital Publishing Institute}
}
@book{1999:RID:311424,
	title = {Refactoring: Improving the Design of Existing Code},
	year = {1999},
	author={Fowler, Martin},
	isbn = {0-201-48567-2},
	publisher = {Addison-Wesley Longman Publishing Co., Inc.},
	address = {Boston, MA, USA},
	key = {{$\!\!$}} ,
} 
@incollection{nurwidyantoro2019automated,
	title={Automated classification of class role-stereotypes via machine learning},
	author={Nurwidyantoro, Arif and Ho-Quang, Truong and Chaudron, Michel R. V.},
	booktitle={Proceedings of the Evaluation and Assessment on Software Engineering},
	pages={79--88},
	year={2019}
}
@inproceedings{collard2005addressing,
	title={Addressing source code using srcml},
	author={Collard, Michael L},
	booktitle={IEEE International Workshop on Program Comprehension Working Session: Textual Views of Source Code to Support Comprehension (IWPCâ€™05)},
	year={2005},
	organization={Citeseer}
}
@inproceedings{genero2008does,
	title={Does the use of stereotypes improve the comprehension of UML sequence diagrams?},
	author={Genero, Marcela and Cruz-Lemus, Jos{\'e} A and Caivano, Danilo and Abrah{\~a}o, Silvia and Insfran, Emilio and Cars{\'\i}, Jos{\'e} Angel},
	booktitle={Proceedings of the Second ACM-IEEE international symposium on Empirical software engineering and measurement},
	pages={300--302},
	year={2008}
}
@inproceedings{sharif2009effect,
	title={The effect of layout on the comprehension of UML class diagrams: A controlled experiment},
	author={Sharif, Bonita and Maletic, Jonathan I},
	booktitle={2009 5th IEEE International Workshop on Visualizing Software for Understanding and Analysis},
	pages={11--18},
	year={2009},
	organization={IEEE}
}
@article{oizumi2018identification,
	title={On the identification of design problems in stinky code: experiences and tool support},
	author={Oizumi, Willian and Sousa, Leonardo and Oliveira, Anderson and Garcia, Alessandro and Agbachi, Anne Benedicte and Oliveira, Roberto and Lucena, Carlos},
	journal={Journal of the Brazilian Computer Society},
	volume={24},
	number={1},
	pages={13},
	year={2018},
	publisher={Springer}
}
@inproceedings{turkistani2019reducing,
	title={Reducing the Large Class Code Smell by Applying Design Patterns},
	author={Turkistani, Bayan and Liu, Yi},
	booktitle={2019 IEEE International Conference on Electro Information Technology (EIT)},
	pages={590--595},
	year={2019},
	organization={IEEE}
}
@article{jha2019deep,
	title={Deep learning approach for software maintainability metrics prediction},
	author={Jha, Sudan and Kumar, Raghvendra and Abdel-Basset, Mohamed and Priyadarshini, Ishaani and Sharma, Rohit and Long, Hoang Viet and others},
	journal={Ieee Access},
	volume={7},
	pages={61840--61855},
	year={2019},
	publisher={IEEE}
}
@article{barbez2020machine,
	title={A machine-learning based ensemble method for anti-patterns detection},
	author={Barbez, Antoine and Khomh, Foutse and Gu{\'e}h{\'e}neuc, Yann-Ga{\"e}l},
	journal={Journal of Systems and Software},
	volume={161},
	pages={110486},
	year={2020},
	publisher={Elsevier}
}
@article{huang2018identifying,
	title={Identifying self-admitted technical debt in open source projects using text mining},
	author={Huang, Qiao and Shihab, Emad and Xia, Xin and Lo, David and Li, Shanping},
	journal={Empirical Software Engineering},
	volume={23},
	number={1},
	pages={418--451},
	year={2018},
	publisher={Springer}
}
@article{ieee1990ieee,
	title={Ieee std 610.12-1990 ieee standard glossary of software engineering terminology},
	author={IEEE Standards Committee and others},
	year={1990}
}
@inproceedings{ur2018scrum,
	title={Scrum Software Maintenance Model: Efficient Software Maintenance in Agile Methodology},
	author={ur Rehman, Fateh and Maqbool, Bilal and Riaz, Muhammad Qasim and Qamar, Usman and Abbas, Muhammad},
	booktitle={2018 21st Saudi Computer Society National Computer Conference (NCC)},
	pages={1--5},
	year={2018},
	organization={IEEE}
}
@article{malhotra2016software,
	title={Software maintainability: Systematic literature review and current trends},
	author={Malhotra, Ruchika and Chug, Anuradha},
	journal={International Journal of Software Engineering and Knowledge Engineering},
	volume={26},
	number={08},
	pages={1221--1253},
	year={2016},
	publisher={World Scientific}
}
@book{pigoski1996practical,
	title={Practical software maintenance: best practices for managing your software investment},
	author={Pigoski, Thomas M},
	year={1996},
	publisher={Wiley Publishing}
}
@misc{brown1998refactoring,
	title={Refactoring Software, Architectures, and Projects in Crisis},
	author={Brown, William J and Malveau, Raphael C and McCormick III, Hays W and Mowbray, Thomas J},
	year={1998}
}
@book{riel1996object,
	title={Object-oriented design heuristics},
	author={Riel, Arthur J},
	volume={335}
}
@inproceedings{lafi2019code,
	title={Code Smells Analysis Mechanisms, Detection Issues, and Effect on Software Maintainability},
	author={Lafi, Mohammed and Botros, Joseph Wassily and Kafaween, Hamzah and Al-Dasoqi, Ahmad Bassam and Al-Tamimi, Abdelfatah},
	booktitle={2019 IEEE Jordan International Joint Conference on Electrical Engineering and Information Technology (JEEIT)},
	pages={663--666},
	year={2019},
	organization={IEEE}
}
@article{mantyla2006subjective,
	title={Subjective evaluation of software evolvability using code smells: An empirical study},
	author={M{\"a}ntyl{\"a}, Mika V and Lassenius, Casper},
	journal={Empirical Software Engineering},
	volume={11},
	number={3},
	pages={395--431},
	year={2006},
	publisher={Springer}
}
@inproceedings{abdelmoez2014risk,
	title={Risk-based code smells detection tool},
	author={Abdelmoez, Walid and Kosba, Essam and Iesa, Ali Falah},
	booktitle={The International Conference on Computing Technology and Information Management (ICCTIM)},
	pages={148},
	year={2014},
	organization={Society of Digital Information and Wireless Communication}
}
@article{kaur2019systematic,
	title={A Systematic Literature Review on Empirical Analysis of the Relationship Between Code Smells and Software Quality Attributes},
	author={Kaur, Amandeep},
	journal={Archives of Computational Methods in Engineering},
	pages={1--30},
	year={2019},
	publisher={Springer}
}
@article{sharma2018survey,
	title={A survey on software smells},
	author={Sharma, Tushar and Spinellis, Diomidis},
	journal={Journal of Systems and Software},
	volume={138},
	pages={158--173},
	year={2018},
	publisher={Elsevier}
}
@inproceedings{di2018detecting,
	title={Detecting code smells using machine learning techniques: are we there yet?},
	author={Di Nucci, Dario and Palomba, Fabio and Tamburri, Damian A and Serebrenik, Alexander and De Lucia, Andrea},
	booktitle={2018 IEEE 25th International Conference on Software Analysis, Evolution and Reengineering (SANER)},
	pages={612--621},
	year={2018},
	organization={IEEE}
}
@article{palomba2018diffuseness,
	title={On the diffuseness and the impact on maintainability of code smells: a large scale empirical investigation},
	author={Palomba, Fabio and Bavota, Gabriele and Di Penta, Massimiliano and Fasano, Fausto and Oliveto, Rocco and De Lucia, Andrea},
	journal={Empirical Software Engineering},
	volume={23},
	number={3},
	pages={1188--1221},
	year={2018},
	publisher={Springer}
}
@inproceedings{imran2019design,
	title={Design Smell Detection and Analysis for Open Source Java Software},
	author={Imran, Asif},
	booktitle={2019 IEEE International Conference on Software Maintenance and Evolution (ICSME)},
	pages={644--648},
	year={2019},
	organization={IEEE}
}
@article{wirfs2006characterizing,
	title = "Characterizing classes",
	author="Wirfs-Brock, Rebecca J",
	journal="IEEE software",
	volume="23",
	number="2",
	pages="9--11",
	year="2006",
	publisher="IEEE"
}

@inproceedings{alhindawi2013improving,
	title={Improving feature location by enhancing source code with stereotypes},
	author={Alhindawi, Nouh and Dragan, Natalia and Collard, Michael L and Maletic, Jonathan I},
	booktitle={2013 IEEE International Conference on Software Maintenance},
	pages={300--309},
	year={2013},
	organization={Ieee}
}
@inproceedings{dragan2010automatic,
	title={Automatic identification of class stereotypes},
	author={Dragan, Natalia and Collard, Michael L and Maletic, Jonathan I},
	booktitle={2010 IEEE International Conference on Software Maintenance},
	pages={1--10},
	year={2010},
	organization={IEEE}
}
@inproceedings{moreno2012jstereocode,
	title={Jstereocode: automatically identifying method and class stereotypes in java code},
	author={Moreno, Laura and Marcus, Andrian},
	booktitle={Proceedings of the 27th IEEE/ACM International Conference on Automated Software Engineering},
	pages={358--361},
	year={2012}
}
@article{jaafar2014analysing,
	title={Analysing anti-patterns static relationships with design patterns},
	author={Jaafar, Fehmi and Gu{\'e}h{\'e}neuc, Yann-Ga{\"e}l and Hamel, Sylvie and others},
	journal={Electronic Communications of the EASST},
	volume={59},
	year={2014}
}
@article{walter2016relationship,
	title={The relationship between design patterns and code smells: An exploratory study},
	author={Walter, Bartosz and Alkhaeir, Tarek},
	journal={Information and Software Technology},
	volume={74},
	pages={127--142},
	year={2016},
	publisher={Elsevier}
}
@inproceedings{sousa2018systematic,
	title={A systematic literature mapping on the relationship between design patterns and bad smells},
	author={Sousa, Bruno L and Bigonha, Mariza AS and Ferreira, Kecia AM},
	booktitle={Proceedings of the 33rd Annual ACM Symposium on Applied Computing},
	pages={1528--1535},
	year={2018}
}
@article{kaur2018detecting,
	title={Detecting Software Bad Smells from Software Design Patterns using Machine Learning Algorithms},
	author={Kaur, Akashdeep and Singh, Satwinder},
	journal={International Journal of Applied Engineering Research},
	volume={13},
	number={11},
	pages={10005--10010},
	year={2018}
}

@inproceedings{liu2018deep,
	title={Deep learning based feature envy detection},
	author={Liu, Hui and Xu, Zhifeng and Zou, Yanzhen},
	booktitle={Proceedings of the 33rd ACM/IEEE International Conference on Automated Software Engineering},
	pages={385--396},
	year={2018}
}
@inproceedings{moghadam2012automated,
	title={Automated refactoring using design differencing},
	author={Moghadam, Iman Hemati and Cinneide, Mel O},
	booktitle={2012 16th European Conference on Software Maintenance and Reengineering},
	pages={43--52},
	year={2012},
	organization={IEEE}
}
@inproceedings{ouni2015web,
	title={Web service antipatterns detection using genetic programming},
	author={Ouni, Ali and Gaikovina Kula, Raula and Kessentini, Marouane and Inoue, Katsuro},
	booktitle={Proceedings of the 2015 Annual Conference on Genetic and Evolutionary Computation},
	pages={1351--1358},
	year={2015}
}
@article{saranya2018model,
	title={Model level code smell detection using EGAPSO based on similarity measures},
	author={Saranya, G and Nehemiah, H Khanna and Kannan, A and Nithya, V},
	journal={Alexandria engineering journal},
	volume={57},
	number={3},
	pages={1631--1642},
	year={2018},
	publisher={Elsevier}
}
@article{moha2009decor,
	title={Decor: A method for the specification and detection of code and design smells},
	author={Moha, Naouel and Gueheneuc, Yann-Gael and Duchien, Laurence and Le Meur, Anne-Francoise},
	journal={IEEE Transactions on Software Engineering},
	volume={36},
	number={1},
	pages={20--36},
	year={2009},
	publisher={IEEE}
}
@inproceedings{yin2020software,
	title={Software smell detection based on machine learning and its empirical study},
	author={Yin, Yongfeng and Su, Qingran and Liu, Lijun},
	booktitle={Second Target Recognition and Artificial Intelligence Summit Forum},
	volume={11427},
	pages={114270P},
	year={2020},
	organization={International Society for Optics and Photonics}
}
@article{bafandeh2020bad,
	title={Bad smell detection using quality metrics and refactoring opportunities},
	author={Bafandeh Mayvan, Bahareh and Rasoolzadegan, Abbas and Javan Jafari, Abbas},
	journal={Journal of Software: Evolution and Process},
	pages={e2255},
	year={2020},
	publisher={Wiley Online Library}
}
@incollection{cohen2016earth,
	title={The earth is round (p<. 05)},
	author={Cohen, Jacob},
	booktitle={What if there were no significance tests?},
	pages={69--82},
	year={2016},
	publisher={Routledge}
}
@book{awad2015efficient,
	title={Efficient learning machines: theories, concepts, and applications for engineers and system designers},
	author={Awad, Mariette and Khanna, Rahul},
	year={2015},
	publisher={Apress}
}
@inproceedings{hussain2017effect,
	title={The Effect of Gang-of-Four Design Patterns Usage on Design Quality Attributes},
	author={Hussain, Shahid and Keung, Jacky and Khan, Arif Ali},
	booktitle={2017 IEEE International Conference on Software Quality, Reliability and Security (QRS)},
	pages={263--273},
	year={2017},
	organization={IEEE}
}
@book{gamma1995design,
	title={Design patterns: elements of reusable object-oriented software},
	author={Gamma, Erich},
	year={1995},
	publisher={Pearson Education India}
}
@incollection{awad2015machine,
	title={Machine learning and knowledge discovery},
	author={Awad, Mariette and Khanna, Rahul},
	booktitle={Efficient Learning Machines},
	pages={19--38},
	year={2015},
	publisher={Springer}
}
@inproceedings{taraba2017clustering,
	title={Clustering for Binary Featured Datasets},
	author={Taraba, Peter},
	booktitle={The World Congress on Engineering and Computer Science},
	pages={127--142},
	year={2017},
	organization={Springer}
}
@inproceedings{gueheneuc2007ptidej,
	title={Ptidej: A flexible reverse engineering tool suite},
	author={Gu{\'e}h{\'e}neuc, Yann-Ga{\"e}l},
	booktitle={2007 IEEE International Conference on Software Maintenance},
	pages={529--530},
	year={2007},
	organization={IEEE}
}
@inproceedings{mannan2016understanding,
	title={Understanding code smells in android applications},
	author={Mannan, Umme Ayda and Ahmed, Iftekhar and Almurshed, Rana Abdullah M and Dig, Danny and Jensen, Carlos},
	booktitle={2016 IEEE/ACM International Conference on Mobile Software Engineering and Systems (MOBILESoft)},
	pages={225--236},
	year={2016},
	organization={IEEE}
}
@inproceedings{habchi2017code,
	title={Code smells in ios apps: How do they compare to android?},
	author={Habchi, Sarra and Hecht, Geoffrey and Rouvoy, Romain and Moha, Naouel},
	booktitle={2017 IEEE/ACM 4th International Conference on Mobile Software Engineering and Systems (MOBILESoft)},
	pages={110--121},
	year={2017},
	organization={IEEE}
}
@article{rasool2011evaluation,
	title={Evaluation of design pattern recovery tools},
	author={Rasool, Ghulam and Maeder, Patrick and Philippow, Ilka},
	journal={Procedia Computer Science},
	volume={3},
	pages={813--819},
	year={2011},
	publisher={Elsevier}
}
@inproceedings{palomba2017investigating,
	title={Investigating code smell co-occurrences using association rule learning: A replicated study},
	author={Palomba, Fabio and Oliveto, Rocco and De Lucia, Andrea},
	booktitle={2017 IEEE Workshop on Machine Learning Techniques for Software Quality Evaluation (MaLTeSQuE)},
	pages={8--13},
	year={2017},
	organization={IEEE}
}
@article{palomba2018beyond,
	title={Beyond technical aspects: How do community smells influence the intensity of code smells?},
	author={Palomba, Fabio and Tamburri, Damian Andrew Andrew and Fontana, Francesca Arcelli and Oliveto, Rocco and Zaidman, Andy and Serebrenik, Alexander},
	journal={IEEE transactions on software engineering},
	year={2018},
	publisher={IEEE}
}
@inproceedings{kuzniarz2004empirical,
	title={An empirical study on using stereotypes to improve understanding of UML models},
	author={Kuzniarz, Ludwik and Staron, Miroslaw and Wohlin, Claes},
	booktitle={Proceedings. 12th IEEE International Workshop on Program Comprehension, 2004.},
	pages={14--23},
	year={2004},
	organization={IEEE}
}

@inproceedings{ogenrwot,
	author    = {Daniel Ogenrwot and
	Joyce Nakatumba{-}Nabende and
	Michel R. V. Chaudron},
	editor    = {Engineer Bainomugisha and
	Michel Chaudron and
	Regina Hebig},
	title     = {Comparison of Occurrence of Design Smells in Desktop and Mobile Applications},
	booktitle = {Proceedings of the 2020 African Conference on Software Engineering
	{(ACSE} 2020), Nairobi, Kenya, September 16-17, 2020},
	series    = {{CEUR} Workshop Proceedings},
	volume    = {2689},
	publisher = {CEUR-WS.org},
	year      = {2020},
	url       = {http://ceur-ws.org/Vol-2689/paper2.pdf},
	timestamp = {Wed, 30 Sep 2020 16:54:04 +0200},
	biburl    = {https://dblp.org/rec/conf/seia-ws/OgenrwotNC20.bib},
	bibsource = {dblp computer science bibliography, https://dblp.org}
}
@inproceedings{vaucher2009tracking,
	title={Tracking design smells: Lessons from a study of god classes},
	author={Vaucher, Stephane and Khomh, Foutse and Moha, Naouel and Gu{\'e}h{\'e}neuc, Yann-Ga{\"e}l},
	booktitle={2009 16th Working Conference on Reverse Engineering},
	pages={145--154},
	year={2009},
	organization={IEEE}
}
@inproceedings{tahmid2016understanding,
	title={Understanding the evolution of code smells by observing code smell clusters},
	author={Tahmid, Ahmad and Nahar, Nadia and Sakib, Kazi},
	booktitle={2016 IEEE 23rd International Conference on Software Analysis, Evolution, and Reengineering (SANER)},
	volume={4},
	pages={8--11},
	year={2016},
	organization={IEEE}
}
@article{caram2019machine,
	title={Machine learning techniques for code smells detection: a systematic mapping study},
	author={Caram, Frederico Luiz and Rodrigues, Bruno Rafael De Oliveira and Campanelli, Amadeu Silveira and Parreiras, Fernando Silva},
	journal={International Journal of Software Engineering and Knowledge Engineering},
	volume={29},
	number={02},
	pages={285--316},
	year={2019},
	publisher={World Scientific}
}
@article{mcilroy2016fresh,
	title={Fresh apps: an empirical study of frequently-updated mobile apps in the Google play store},
	author={Mcilroy, Stuart and Ali, Nasir and Hassan, Ahmed E},
	journal={Empirical Software Engineering},
	volume={21},
	number={3},
	pages={1346--1370},
	year={2016},
	publisher={Kluwer Academic Publishers Norwell, MA, USA}
}
@INPROCEEDINGS{towardsreduction2020,
	author={L. S. {Nair} and J. {Swaminathan}},
	booktitle={2020 5th International Conference on Communication and Electronics Systems (ICCES)}, 
	title={Towards Reduction of Software Maintenance Cost through Assignment of Critical Functionality Scores}, 
	year={2020},
	volume={},
	number={},
	pages={199-204},
	doi={10.1109/ICCES48766.2020.9138071}
}
@article{al2014improved,
	title={An improved Apriori algorithm for association rules},
	author={Al-Maolegi, Mohammed and Arkok, Bassam},
	journal={arXiv preprint arXiv:1403.3948},
	year={2014}
}

@article{ogenrwot2021integration,
	title={Integration of design smells and role-stereotypes classification dataset},
	author={Ogenrwot, Daniel and Nakatumba-Nabende, Joyce and Chaudron, Michel RV},
	journal={Data in Brief},
	volume={36},
	pages={107125},
	year={2021},
	publisher={Elsevier}
}

@article{agrawal1996fast,
	title={Fast discovery of association rules.},
	author={Agrawal, Rakesh and Mannila, Heikki and Srikant, Ramakrishnan and Toivonen, Hannu and Verkamo, A Inkeri and others},
	journal={Advances in knowledge discovery and data mining},
	volume={12},
	number={1},
	pages={307--328},
	year={1996},
	publisher={AAAI/MIT Press Menlo Park, CA}
}
@book{wohlin2012experimentation,
	title={Experimentation in software engineering},
	author={Wohlin, Claes and Runeson, Per and H{\"o}st, Martin and Ohlsson, Magnus C and Regnell, Bj{\"o}rn and Wessl{\'e}n, Anders},
	year={2012},
	publisher={Springer Science \& Business Media}
}

@article{sharma2021code,
	title={Code smell detection by deep direct-learning and transfer-learning},
	author={Sharma, Tushar and Efstathiou, Vasiliki and Louridas, Panos and Spinellis, Diomidis},
	journal={Journal of Systems and Software},
	volume={176},
	pages={110936},
	year={2021},
	publisher={Elsevier}
}
@inproceedings{imran2022qualitative,
	title={Qualitative analysis of the relationship between design smells and software engineering challenges},
	author={Imran, Asif and Kosar, Tevfik},
	booktitle={Proceedings of the 2022 European Symposium on Software Engineering},
	pages={48--55},
	year={2022}
}

@book{runeson2012case,
	title={Case study research in software engineering: Guidelines and examples},
	author={Runeson, Per and Host, Martin and Rainer, Austen and Regnell, Bjorn},
	year={2012},
	publisher={John Wiley \& Sons}
}
@article{ho2022role,
	title={Role stereotypes in software designs and their evolution},
	author={Ho-Quang, Truong and Nurwidyantoro, Arif and Rukmono, Satrio Adi and Chaudron, Michel RV and Fr{\"o}ding, Fabian and Ngoc, Duy Nguyen},
	journal={Journal of Systems and Software},
	volume={189},
	pages={111296},
	year={2022},
	publisher={Elsevier}
}
@article{santos2022building,
	title={Building empirical knowledge on the relationship between code smells and design patterns: An exploratory study},
	author={Santos, Jos{\'e} Amancio M and Petronilo, Gadiel Xavier Antunes},
	journal={Journal of Software: Evolution and Process},
	volume={34},
	number={9},
	pages={e2487},
	year={2022},
	publisher={Wiley Online Library}
}
@article{sharma2020empirical,
	title={An empirical investigation on the relationship between design and architecture smells},
	author={Sharma, Tushar and Singh, Paramvir and Spinellis, Diomidis},
	journal={Empirical Software Engineering},
	volume={25},
	pages={4020--4068},
	year={2020},
	publisher={Springer}
}
@article{abuhassan2021software,
	title={Software smell detection techniques: A systematic literature review},
	author={AbuHassan, Amjad and Alshayeb, Mohammad and Ghouti, Lahouari},
	journal={Journal of Software: Evolution and Process},
	volume={33},
	number={3},
	pages={e2320},
	year={2021},
	publisher={Wiley Online Library}
}
@inproceedings{decan2022use,
	title={On the use of GitHub actions in software development repositories},
	author={Decan, Alexandre and Mens, Tom and Mazrae, Pooya Rostami and Golzadeh, Mehdi},
	booktitle={2022 IEEE International Conference on Software Maintenance and Evolution (ICSME)},
	pages={235--245},
	year={2022},
	organization={IEEE}
}
@inproceedings{martins2020code,
	title={Are code smell co-occurrences harmful to internal quality attributes? a mixed-method study},
	author={Martins, J{\'u}lio and Bezerra, Carla and Uch{\^o}a, Anderson and Garcia, Alessandro},
	booktitle={Proceedings of the XXXIV Brazilian Symposium on Software Engineering},
	pages={52--61},
	year={2020}
}
@phdthesis{ogenrwot2021using,
	title={Using machine learning to understand the association of design smells with role-stereotypes in software systems},
	author={Ogenrwot, Daniel},
	year={2021},
	school={Makerere University}
}
@article{aversano2020empirical,
	title={An empirical study on the evolution of design smells},
	author={Aversano, Lerina and Carpenito, Umberto and Iammarino, Martina},
	journal={Information},
	volume={11},
	number={7},
	pages={348},
	year={2020},
	publisher={MDPI}
}